@article{fama1997,
  title={Industry costs of equity},
  author={Fama, Eugene F and French, Kenneth R},
  journal={Journal of financial economics},
  volume={43},
  number={2},
  pages={153--193},
  year={1997},
  publisher={Elsevier}
}


@article{grinold2000,
  title={Active portfolio management},
  author={Grinold, Richard C and Kahn, Ronald N},
  year={2000},
  publisher={McGraw Hill New York, NY}
}

@book{lutkepohl2005,
  title={New introduction to multiple time series analysis},
  author={L{\"u}tkepohl, Helmut},
  year={2005},
  publisher={Springer Science \& Business Media}
}


  @Manual{Texevier,
    title = {{Texevier}: {P}ackage to create Elsevier templates for Rmarkdown},
    author = {N.F. Katzke},
    organization = {Bureau for Economic Research},
    address = {Stellenbosch, South Africa},
    note = {version 0.1.2},
    year = {2017},
  }

@article{cologni2008,
  title={Oil prices, inflation and interest rates in a structural cointegrated VAR model for the G-7 countries},
  author={Cologni, Alessandro and Manera, Matteo},
  journal={Energy economics},
  volume={30},
  number={3},
  pages={856--888},
  year={2008},
  publisher={Elsevier}
}

@article{johansen1992,
  title={Determination of cointegration rank in the presence of a linear trend},
  author={Johansen, Soren and others},
  journal={Oxford bulletin of economics and statistics},
  volume={54},
  number={3},
  pages={383--397},
  year={1992},
  publisher={Department of Economics, University of Oxford}
}
